=LDR  01138ccm a2200289 a 4500
=001  4411195
=005  20080411141300.0
=008  030212s2002\\\\enkzzz\\\\\\\\\nn\\\eng\d
=020  \\$a0711996296
=028  32$aCH65681$bChester Music
=035  \\$a(UkOxU)UkOxUb15470642
=100  1\$aChopin, Fre패de패ric,$d1810-1849.
=240  10$aPiano music.$kSelections
=245  14$aThe essential collection Chopin :$bgold.
=246  3\$aChopin :$bgold : the essential collection
=246  3\$aGold :$bChopin : the essential collection
=260  \\$aLondon :$bChester Music,$cc2002.
=300  \\$a96 p. of music ;$c31 cm.
=500  \\$a26 pieces for piano, including 8 simplified arrangements and an arrangement of the second movement from Piano concerto no.1.
=500  \\$aArrangements by Jerry Lanning and Jack Long.
=500  \\$aIncludes biographical note.
=650  \0$aPiano music.
=650  \0$aPiano music$vSimplified editions.
=700  1\$aLanning, Jerry.
=700  1\$aLong, Jack.
=700  12$aChopin, Fre패de패ric,$d1810-1849.$tConcertos,$mpiano, orchestra,$nno. 1, op. 11,$rE minor.$pRomance;$oarr.
=948  1\$a20070525$bsf214$cULMUS-h$dc

