=LDR  00726ccm a2200205 a 4500
=001  2091114
=005  20090122131312.0
=008  890731s1988\\\\enk||z\\|||||||n\\\\zxx|\
=015  \\$amu8906626
=028  32$aF 128
=035  \\$97777133268
=084  \\$aSRPK/LFF$2bcmc
=100  1\$aElgar, Edward,$d1857-1934.
=240  10$aConcertos,$mvioloncello, orchestra,$nop. 85,$rE minor;$oarr.
=245  00$aCello concerto op. 85 /$cEdward Elgar ; arranged for cello and piano by the composer ; edited by Eirian Griffiths.
=260  \\$aCorby :$bFentone Music,$cc1988.
=300  \\$a1 score (34p) +$e1 part ;$c31cm.
=599  \\$aItem no. 4 in volume M370.a.95.63-
=650  \0$aConcertos (Violoncello)$vSolo with piano.
=700  1\$aGriffiths, Eirian.

