=LDR  00861ccm a2200217 a 4500
=001  2091109
=005  20090122131310.0
=008  020607s1986\\\\enk||b\\|||||||n\\\\zxx|d
=035  \\$a(CStRLIN)NYRY6191078-C
=035  \\$97777544535
=084  \\$aMPSRF$2bcmc
=100  1\$aElgar, Edward,$d1857-1934.
=240  10$aConcertos,$mvioloncello, orchestra,$nop. 85,$rE minor
=245  00$aConcerto for violoncello and orchestra, E minor =$be-Moll = Mi mineur : op. 85 /$cEdward Elgar.
=260  \\$aLondon :$bErnst Eulenburg,$cc1986.
=300  \\$a1 miniature score (x, 104p) :$bfacsim ;$c19cm.
=500  \\$aPreface in English by Diane McVeagh with German translation by Norbert Henning.
=500  \\$aPublisher's no.: Edition Eulenburg no. 1814.
=599  \\$aItem no. 2 in volume M310.d.95.431.
=650  \0$aConcertos (Violoncello)$vScores.
=700  1\$aMcVeagh, Diana M.,$d1926-

